@inproceedings{Long2015Fully,
title={Introduction to Abstract Algebra
(Draft)},
author={Christopher J Leininger}
pages={1-10},
year={2017},
}